@article{paper:01, title={Secure Routing and Intrusion Detection in Ad Hoc Networks}, DOI={10.1109/percom.2005.38}, journal={Third IEEE International Conference on Pervasive Computing and Communications}, author={Patwardhan, A. and Parker, J. and Joshi, A. and Iorga, M. and Karygiannis, T.}, year={2005}}

@article{paper:02, title={LAD: Localization Anomaly Detection forWireless Sensor Networks}, DOI={10.1109/ipdps.2005.267}, journal={19th IEEE International Parallel and Distributed Processing Symposium}, author={Du, Wenliang and Fang, Lei and Ning, Peng}, year={2005}}

@article{paper:03, title={Agent-based cooperative anomaly detection for wireless ad hoc networks}, DOI={10.1109/icpads.2006.23}, journal={12th International Conference on Parallel and Distributed Systems - (ICPADS'06)}, author={Deng, Hongmei and Xu, R. and Li, J. and Zhang, F. and Levy, R. and Lee, Wenke}, year={2006}}

@article{paper:04, title={Hierarchical Anomaly Detection in Distributed Large-Scale Sensor Networks}, DOI={10.1109/iscc.2006.1691116}, journal={11th IEEE Symposium on Computers and Communications (ISCC'06)}, author={Chatzigiannakis, V. and Papavassiliou, S. and Grammatikou, M. and Maglaris, B.}, year={2006}}

@article{paper:05, title={Anomaly detection in wireless sensor networks}, volume={15}, DOI={10.1109/mwc.2008.4599219}, number={4}, journal={IEEE Wireless Communications}, author={Rajasegarar, S. and Leckie, C. and Palaniswami, M.}, year={2008}, pages={34–40}}

@article{paper:06, title={ALDO: An Anomaly Detection Framework for Dynamic Spectrum Access Networks}, DOI={10.1109/infcom.2009.5061975}, journal={IEEE INFOCOM 2009 - The 28th Conference on Computer Communications}, author={Liu, S. and Chen, Y. and Trappe, W. and Greenstein, L. J.}, year={2009}}

@article{paper:07, title={Preventing black hole attack in mobile ad-hoc networks using Anomaly Detection}, DOI={10.1109/icfcc.2010.5497455}, journal={2010 2nd International Conference on Future Computer and Communication}, author={Alem, Yibeltal Fantahun and Xuan, Zhao Cheng}, year={2010}}

@article{paper:08, title={A survey on detecting black hole attack in AODV-based mobile ad hoc networks}, DOI={10.1109/honet.2007.4600258}, journal={2007 International Symposium on High Capacity Optical Networks and Enabling Technologies}, author={Mahmood, R.a. Raja and Khan, A.i.}, year={2007}}

@article{paper:09, title={Intrusion detection in wireless ad-hoc networks}, DOI={10.1145/345910.345958}, journal={Proceedings of the 6th annual international conference on Mobile computing and networking - MobiCom '00}, author={Zhang, Yongguang and Lee, Wenke}, year={2000}}

@article{paper:10, title={Intrusion Detection in Wireless Ad-Hoc Networks}, DOI={10.1201/b16394}, author={Chaki, Nabendu and Chaki, Rituparna}, year={2014}}

@article{paper:11, title={Anomaly Detection in Dynamic Networks}, DOI={10.2172/1160097}, author={Turcotte, Melissa}, year={2014}}

@article{paper:12, title={A survey of intrusion detection in wireless network applications}, volume={42}, DOI={10.1016/j.comcom.2014.01.012}, journal={Computer Communications}, author={Mitchell, Robert and Chen, Ing-Ray}, year={2014}, pages={1–23}}

@article{paper:13, title={Performance of Interval-Based Features in Anomaly Detection by Using Machine Learning Approach}, volume={4}, DOI={10.7763/ijmlc.2014.v4.427}, number={3}, journal={International Journal of Machine Learning and Computing}, author={Limthong, Kriangkrai}, year={2014}, pages={292–299}}

@article{paper:14, title={Anomaly Detection: A Survey}, DOI={10.1145/1541880.1541882}, author={Chandola, V., Banerjee, A., and Kumar}, year={2009}}

@article{paper:15, title={Anomaly-based intrusion detection using mobility profiles of public transportation users}, DOI={10.1109/wimob.2005.1512845}, journal={WiMob'2005), IEEE International Conference on Wireless And Mobile Computing, Networking And Communications, 2005.}, author={Hall, J. and Barbeau, M. and Kranakis, E.}, year={2005}}

@article{paper:16, title={Behaviour Profiling on Mobile Devices}, DOI={10.1109/est.2010.26}, journal={2010 International Conference on Emerging Security Technologies}, author={Li, Fudong and Clarke, Nathan and Papadaki, Maria and Dowland, Paul}, year={2010}}

@article{paper:17, title={IDAMN: an intrusion detection architecture for mobile networks}, volume={15}, DOI={10.1109/49.622919}, number={7}, journal={IEEE Journal on Selected Areas in Communications}, author={Samfat, D. and Molva, R.}, year={1997}, pages={1373–1380}} 